@article{ksb,
  title={빅테크의 공정한 규제 방향에 관한 연구},
  author={장재옥 and 배도영},
  journal={전북대학교 법학연구소 법학연구 통권},
  volume={67},
  number={},
  pages={221--246},
  year={2021}
}
